@article{Lubachevsky-1991,
  title = {How to Simulate Billiards and Similar Systems},
  author = {Lubachevsky, B. D.},
  journal = {Journal of Computational Physics},
  volume = {94},
  issue = {2},
  pages = {255--283},
  numpages = {0},
  year = {1991},
  month = {Jun},
  doi = {10.1016/0021-9991(91)90222-7},
  url = {https://doi.org/10.1016/0021-9991(91)90222-7}
}