% billiards: Program to model collisions between 2d discs
% Copyright (C) 2022  Tom Spencer (tspencerproggmail.com)
%
% This file is part of billiards
%
% billiards is free software: you can redistribute it and/or modify
% it under the terms of the GNU General Public License as published by
% the Free Software Foundation, either version 3 of the License, or
% (at your option) any later version.
%
% This program is distributed in the hope that it will be useful,
% but WITHOUT ANY WARRANTY; without even the implied warranty of
% MERCHANTABILITY or FITNESS FOR A PARTICULAR PURPOSE.  See the
% GNU General Public License for more details.
%
% You should have received a copy of the GNU General Public License
% along with this program.  If not, see <https://www.gnu.org/licenses/>.

@article{Lubachevsky-1991,
  title = {How to Simulate Billiards and Similar Systems},
  author = {Lubachevsky, B. D.},
  journal = {Journal of Computational Physics},
  volume = {94},
  issue = {2},
  pages = {255--283},
  numpages = {0},
  year = {1991},
  month = {Jun},
  doi = {10.1016/0021-9991(91)90222-7},
  url = {https://doi.org/10.1016/0021-9991(91)90222-7}
}

@article{Kremer-2014,
  title = {Transport coefficients of a granular gas of inelastic rough hard spheres},
  author = {Kremer, Gilberto M. and Santos, Andr\'es and Garz\'o, Vicente},
  journal = {Phys. Rev. E},
  volume = {90},
  issue = {2},
  pages = {022205},
  numpages = {16},
  year = {2014},
  month = {Aug},
  publisher = {American Physical Society},
  doi = {10.1103/PhysRevE.90.022205},
  url = {https://link.aps.org/doi/10.1103/PhysRevE.90.022205}
}

@book{numerical-recipes,
    author = {Press, William H. and Teukolsky, Saul A. and Vetterling, William T. and Flannery, Brian P.},
    title = {Numerical Recipes 3rd Edition: The Art of Scientific Computing},
    year = {2007},
    isbn = {0521880688},
    publisher = {Cambridge University Press},
    address = {USA},
    edition = {3},
}

@article{virial-coeff,
author = { J.S.   Rowlinson },
title = {The virial expansion in two dimensions},
journal = {Molecular Physics},
volume = {7},
number = {6},
pages = {593-594},
year  = {1964},
publisher = {Taylor & Francis},
doi = {10.1080/00268976300101421},
URL = { https://doi.org/10.1080/00268976300101421},
eprint = {https://doi.org/10.1080/00268976300101421}
}


